<record><leader>00000cas a2200000 a 4500</leader><controlfield tag="001">9552248</controlfield><controlfield tag="008">830527d19181969couir ne      0   a0jpn c</controlfield><datafield ind1=" " ind2=" " tag="010"><subfield code="a">sn 83025518 </subfield></datafield><datafield ind1=" " ind2=" " tag="040"><subfield code="a">NPV</subfield><subfield code="b">eng</subfield><subfield code="c">NPV</subfield><subfield code="d">DLC</subfield><subfield code="d">CNQ</subfield><subfield code="d">CNK</subfield><subfield code="d">CRL</subfield><subfield code="d">DLC</subfield><subfield code="d">HMY</subfield><subfield code="d">OCLCQ</subfield><subfield code="d">OCLCF</subfield><subfield code="d">OCLCO</subfield></datafield><datafield ind1=" " ind2=" " tag="066"><subfield code="c">$1</subfield></datafield><datafield ind1="1" ind2=" " tag="029"><subfield code="a">AU@</subfield><subfield code="b">000015651224</subfield></datafield><datafield ind1="1" ind2=" " tag="029"><subfield code="a">AU@</subfield><subfield code="b">000020413791</subfield></datafield><datafield ind1="0" ind2=" " tag="041"><subfield code="a">jpneng</subfield></datafield><datafield ind1=" " ind2=" " tag="042"><subfield code="a">pcc</subfield></datafield><datafield ind1=" " ind2=" " tag="043"><subfield code="a">n-us-co</subfield></datafield><datafield ind1=" " ind2=" " tag="045"><subfield code="a">x1x-</subfield></datafield><datafield ind1="0" ind2="0" tag="050"><subfield code="a">Newspaper</subfield></datafield><datafield ind1=" " ind2=" " tag="052"><subfield code="a">4314</subfield><subfield code="b">D4</subfield></datafield><datafield ind1="0" ind2="0" tag="245"><subfield code="6">880-01</subfield><subfield code="a">Kakushu jiji =</subfield><subfield code="b">Colorado times.</subfield></datafield><datafield ind1="3" ind2="1" tag="246"><subfield code="a">Colorado times</subfield></datafield><datafield ind1=" " ind2=" " tag="260"><subfield code="a">Denver, Colo. :</subfield><subfield code="b">F.I. Kaihara,</subfield><subfield code="c">Taisho&#772; 7-Sho&#772;wa 44 [1912-1969]</subfield></datafield><datafield ind1=" " ind2=" " tag="300"><subfield code="a">50 v.</subfield></datafield><datafield ind1=" " ind2=" " tag="310"><subfield code="a">Triweekly,</subfield><subfield code="b">&lt;Mar. 24, 1945&gt;-</subfield></datafield><datafield ind1=" " ind2=" " tag="321"><subfield code="a">Daily,</subfield><subfield code="b">Mar. 6, 1918-&lt;1945&gt;</subfield></datafield><datafield ind1="0" ind2=" " tag="362"><subfield code="a">Dai 1-go&#772; (Taisho&#772; 7-nen 1-gatsu 7-ka [Jan. 7, 1918])-dai 10024-go&#772; (Sho&#772;wa 44-nen 2-gatsu 10-ka [Feb. 10, 1969]).</subfield></datafield><datafield ind1="0" ind2=" " tag="490"><subfield code="a">Japanese camp papers</subfield></datafield><datafield ind1=" " ind2=" " tag="500"><subfield code="a">Although not published at a relocation center, served as a communication link between what was going on outside of the camps (regarding opinions towards Japanese-Americans)--and the day to day events that took place inside the camps.</subfield></datafield><datafield ind1=" " ind2=" " tag="500"><subfield code="a">Collected in Japanese camp papers.</subfield></datafield><datafield ind1=" " ind2=" " tag="530"><subfield code="a">Available on microfilm from the Colorado Historical Society, UCLA Library Reprographic Service, and the Library of Congress, Photoduplication Service.</subfield></datafield><datafield ind1=" " ind2=" " tag="546"><subfield code="a">In Japanese, Jan. 7, 1918-Aug. 18, 1942; chiefly in Japanese, some English, Aug. 20, 1942-Feb. 10, 1969.</subfield></datafield><datafield ind1=" " ind2="0" tag="650"><subfield code="a">Japanese Americans</subfield><subfield code="z">Illinois</subfield><subfield code="z">Chicago</subfield><subfield code="v">Newspapers.</subfield></datafield><datafield ind1=" " ind2="0" tag="650"><subfield code="a">Japanese Americans</subfield><subfield code="z">California</subfield><subfield code="v">Newspapers.</subfield></datafield><datafield ind1=" " ind2="0" tag="650"><subfield code="a">Japanese Americans</subfield><subfield code="z">Colorado</subfield><subfield code="v">Newspapers.</subfield></datafield><datafield ind1=" " ind2="0" tag="651"><subfield code="a">Denver (Colo.)</subfield><subfield code="v">Newspapers.</subfield></datafield><datafield ind1=" " ind2="7" tag="655"><subfield code="a">Newspapers.</subfield><subfield code="2">fast</subfield><subfield code="0">(OCoLC)fst01423814</subfield></datafield><datafield ind1=" " ind2="7" tag="650"><subfield code="a">Japanese Americans.</subfield><subfield code="2">fast</subfield><subfield code="0">(OCoLC)fst00981441</subfield></datafield><datafield ind1=" " ind2="7" tag="651"><subfield code="a">California.</subfield><subfield code="2">fast</subfield><subfield code="0">(OCoLC)fst01204928</subfield></datafield><datafield ind1=" " ind2="7" tag="651"><subfield code="a">Colorado.</subfield><subfield code="2">fast</subfield><subfield code="0">(OCoLC)fst01210251</subfield></datafield><datafield ind1=" " ind2="7" tag="651"><subfield code="a">Colorado</subfield><subfield code="z">Denver.</subfield><subfield code="2">fast</subfield><subfield code="0">(OCoLC)fst01205192</subfield></datafield><datafield ind1=" " ind2="7" tag="651"><subfield code="a">Illinois</subfield><subfield code="z">Chicago.</subfield><subfield code="2">fast</subfield><subfield code="0">(OCoLC)fst01204048</subfield></datafield><datafield ind1="0" ind2=" " tag="730"><subfield code="a">Japanese camp papers.</subfield></datafield><datafield ind1=" " ind2=" " tag="752"><subfield code="a">United States</subfield><subfield code="b">Colorado</subfield><subfield code="c">Denver</subfield><subfield code="d">Denver.</subfield></datafield><datafield ind1="0" ind2="4" tag="785"><subfield code="t">Nichi Bei times</subfield><subfield code="w">(DLC)sn 83002177</subfield><subfield code="w">(OCoLC)4601742</subfield></datafield><datafield ind1="0" ind2="0" tag="880"><subfield code="6">245-01/$1</subfield><subfield code="a">&#26684;&#24030;&#26178;&#20107; =</subfield><subfield code="b">Colorado times.</subfield></datafield></record>